% some abbreviations
		  
@STRING{cmame = {Computer Methods in Applied Mechanics and 
		 Engineering}}
@STRING{cs    = {Computers and Structures}}
@STRING{ijnme = {International Journal for Numerical Methods in 
                 Engineering}}
@STRING{ijss  = {International Journal of Solids and Structures}}
		  
@STRING{jb    = {Journal of Biomechanics}}
@STRING{jbe   = {Journal of Biomechanical Engineering}}
@STRING{jbjs  = {The Journal of Bone and Joint Surgery}}
@STRING{jor   = {Journal of Orthopaedic Research}}
@STRING{cmbbe = {Computer Methods in Biomechanics and Biomedical Engineering}}

@STRING{co    = {Clinical Orthopaedics and Related Research}}

% =================================================================
		  
@article{authoryear,
		  author = {},
		  title = {},
		  journal = {},
		  volume = {},
		  pages = {},
		  year = {},
		  notes = {}
		  }
		  



		  


@article{AF98,
		  author = {The {A}rthritis {F}oundation},
		  title = {Facts and
		  {T}actics, http://www.arthritis.org/facts/},
		  journal = {},
		  volume = {},
		  pages = {},
		  year = {1998},
		  notes = {}
		  }

@article{Agins88,
		  author = {Agins, H.J. and Alcock, N.W. and Bansal,
		  M. et al.},
		  title = {Metallic wear in failed titanium-alloy
		  total hip replacements: {A} histological and
		  quantitative analysis},
		  journal = {Journal of Bone and Joint Surgery},
		  volume = {70A},
		  pages = {347--356},
		  year = {1988},
		  notes = {}
		  }

@article{Alexander95,
		  author = {Alexander, R. McN.},
		  title = {Simple models of human movement},
		  journal = {App Mech Rev},
		  volume = {48},
		  pages = {461--469},
		  year = {1995},
		  notes = {}
		  }

@article{Alexander75,
		  author = {Alexander, R. McN. and Vernon, A.},
		  title = {The dimensions of knee and ankle muscles
		  and the forces they exert},
		  journal = {J Hum Mvt Stud},
		  volume = {1},
		  pages = {115--123},
		  year = {1975},
		  notes = {}
		  }
		  
@article{Andriacchi90,
		  author = {Andriacchi, T.P.},
		  title = {Dynamics of pathological motion: {A}pplied
		  to the anterior cruciate deficient knee},
		  journal = jb,
		  volume = {23},
		  pages = {99-105},
		  year = {1990},
		  notes = {}
		  }
		  
@article{Andriacchi94,
		  author = {Andriacchi, T.P.},
		  title = {Dynamics of knee malalignment},
		  journal = {Orthop Clin North America},
		  volume = {25},
		  pages = {395--403},
		  year = {1994},
		  notes = {}
		  }

@InProceedings{Andriacchi97,
  author = 	 {Andriacchi, T.P. and Natarajan, R.N. and Hurwitz, D.E.},
  editor = 	 {Mow, V.C. and Hayes, W.C.},
  title = 	 {Musculoskeletal dynamics, locomotion, and clinical
                  applications},
  booktitle =    {Basic Orthopaedic Biomechanics},
  chapter = 	 {2},
  publisher = 	 {Lippincott--Raven},
  year = 	 {1997},
  address = 	 {Philadelphia},
  edition = 	 {second},
  pages = 	 {37--68}
}


@InProceedings{Andriacchi85,
  author = 	 {Andriacchi, T.P. and Strickland, A.B.},
  editor = 	 {Berme, N. and Engin, A.E. and Correia da~Silva, K.M.},
  title = 	 {Gait analysis as a tool to assess joint kinematics},
  booktitle =    {Biomechanics of normal and pathological human 
                  articulating joints},
  publisher = 	 {NATO ASI Series},
  year = 	 {1985},
  series =       {E},
  number =       {93},
  pages = 	 {83--102}
}

		  
@article{Armstrong84,
		  author = {Armstrong, C.G. and Lai, W.M. and Mow, V.C.},
		  title = {An analysis of the unconfined compression
		  of articular cartilage},
		  journal = jbe,
		  volume = {106},
		  pages = {165--173},
		  year = {1984},
		  notes = {}
		  }		  

@article{Audu85,
		  author = {Audu, M.L. and Davy, D.T.},
		  title = {The influence of muscle model complexity in
                  musculoskeletal motion modeling},
		  journal = jbe,
		  volume = {107},
		  pages = {147--157},
		  year = {1985},
		  notes = {}
		  }



@Article{Barrack97,
  author = 	 {Barrack, R.L. and Folgueras, A. and Munn, B. and 
                  Tvetden, D. and Sharkey, P.},
  title = 	 {Pelvic lysis and polyethylene wear at 5--8 years in an
                  uncemented total hip},
  journal = 	 {Clinical Orthopaedics and Related Research},
  year = 	 {1997},
  OPTkey = 	 {},
  volume = 	 {335},
  OPTnumber = 	 {},
  pages = 	 {211--217},
  OPTmonth = 	 {},
  OPTnote = 	 {},
  OPTannote = 	 {}
}

@article{Bartel85,
		  author = {Bartel, D.L. and Burstein, A.H. and Toda,
		  M.D. and Edwards, D.L.},
		  title = {The effect of conformity and plastic
		  thickness on contact stresses in metal-backed
		  plastic implants},
		  journal = jbe,
		  volume = {107},
		  pages = {193--199},
		  year = {1985},
		  notes = {}
		  }
		  
@article{Beaupre90a,
		  author = {Beaupr{\'e}, G.S. and Orr, T.E. and 
		  Carter, D.R.},
		  title = {An approach for the time-dependent bone
		  modeling and remodeling -- Theoretical
		  development.},
		  journal = {J Orthop Res},
		  volume = 8,
		  pages = {651--661},
		  year = 1990,
		  notes = {}
		  }

@article{Bergmann93,
		  author = {Bergmann, G. and Graichen, F. and
		  Rohlmann, A.},
		  title = {Hip joint loading during walking and
		  running, measured in two patients},
		  journal = jb,
		  volume = {26},
		  pages = {969--990},
		  year = {1993},
		  notes = {}
		  }
		  
@article{Bergmann95,
		  author = {Bergmann, G. and Kniggendorf, H. and
		  Graichen, F. and Rohlmann, A.},
		  title = {Influence of shoes and heel strike on the
		  loading of the hip joint},
		  journal = jb,
		  volume = {28},
		  pages = {817--827},
		  year = {1995},
		  notes = {}
		  }
		  
@article{Berkenbilt95,
		  author = {Berkenbilt, S.I. and Quinn, T.M. and
		  Grodzinsky, A.J.},
		  title = {Molecular electromechanics of cartilaginous 
		  tissues and polyelectrolyte gels},
		  journal = {Journal of Electrostatics},
		  volume = {34},
		  pages = {307--330},
		  year = {1995},
		  notes = {importance of continuum electromechanical
		  interactions toward understanding tissue
		  microstructure pathology}
		  }

@article{Bloebaum97,
		  author = {Bloebaum, R.D. and Mihalopoulus, N.L. and 
                  Jensen, J.W. and Dorr, L.D.},
		  title = {Postmortem analysis of bone growth into 
                  porous-coated acetabular components},
		  journal = jbjs,
		  volume = {79-A},
		  pages = {1013--1022},
		  year = {1997},
		  notes = {}
		  }


@article{Brand82,
		  author = {Brand, R.A. and Crowninshield, R.D. and
		  Wittstock, C.E. and Pedersen, D.R. and Clark,
		  C.R. and van~Krieken, F.M.},
		  title = {A model of lower extremity muscular anatomy},
		  journal = jbe,
		  volume = {104},
		  pages = {304--310},
		  year = {1982},
		  notes = {}
		  }
		  
@article{Brittberg94,
		  author = {Brittberg, M. and Lindahl, A. and Nilsson, 
		  A. and Ohlsson, C. and Isaksson, O. and Peterson, L.},
		  title = {Treatment of deep cartilage defects in the
		  knee with autologous chondrocyle transplantation},
		  journal = {New England Journal of Medicine},
		  volume = {331},
		  pages = {889--895},
		  year = {1994},
		  notes = {}
		  }

@article{Broom93,
		  author = {Broom, N. and Oloyede, A.},
		  title = {Experimental determination of the subchondral
                  stress-reducing role of articular cartilage under static
                  and dynamic compresson},
		  journal = {Clinical Biomechanics},
		  volume = {8},
		  pages = {102--108},
		  year = {1993},
		  notes = {}
		  }


@article{Brown86,
		  author = {Brown, T.D. and Singerman, R.J.},
		  title = {Experimental determination of the linear
		  biphasic constitutive coefficients of human fetal
		  proximal femoral chondroepiphysis},
		  journal = jb,
		  volume = {19},
		  pages = {597--605},
		  year = {1986},
		  notes = {}
		  }
		  
@article{Bullough81,
		  author = {Bullough, P.G.},
		  title = {The geometry of diarthrodial joints, its
		  physiologic maintenance, and the possible
		  significance of age-related changes in
		  geometry-to-load distribution and the development of
		  osteoarthritis.},
		  journal = {Clinical Orthopaedics and Related Research},
		  volume = 156,
		  pages = {61--66},
		  year = 1981,
		  notes = {suggests a deeper joint cocket is
		  advantageous both for distribution of stress
		  throughout the joint surfaces and for the nutrition
		  of the articular carlilage}
		  }
		  
@article{Bullough83,
		  author = {Bullough, P.G. and Jagannath, A.},
		  title = {The morphology of the calcification
		  front in articular cartilage:  its significance
		  in joint function.},
		  journal = {J Bond Joint Surg [Br]},
		  volume = 65,
		  pages = {72--78},
		  year = 1983,
		  notes = {observed joint incongruity in elbow}
		  }
		  
@article{Carter84,
		  author = {Carter, D.R.},
		  title = {Mechanical loading histories and cortical
		  bone remodeling.},
		  journal = {Calcif Tissue Int},
		  volume = 36,
		  pages = {519--524},
		  year = 1984,
		  notes = {}
		  }
		  
@article{Carter87,
		  author = {Carter, D.R.},
		  title = {Mechanical loading history and skeletal 
		  biology},
		  journal = jb,
		  volume = 20,
		  pages = {1095--1109},
		  year = 1987,
		  notes = {}
		  }
		  
@article{Carter91,
		  author = {Carter, D.R. and Wong, M. and Orr, T.E.},
		  title = {Musculoskeletal ontogeny, phylogeny, and
		  functional adaptation.},
		  journal = jb,
		  volume = 24,
		  pages = {3--16},
		  year = 1991,
		  notes = {}
		  }

@article{Carter88,
		  author = {Carter, D.R. and Wong, M.},
		  title = {The role of mechanical loading histories in 
		  the developement of diarthrodial joints},
		  journal = {Journal of Orthopaedic Research},
		  volume = {6},
		  pages = {804--816},
		  year = {1988},
		  notes = {}
		  }

@article{CDC94,
		  author = {Center for {D}isease {C}ontrol and
		  {P}revention},
		  title = {Vital and Health Statistics, Series
		  10, No. 193},
		  journal = {},
		  volume = {},
		  pages = {},
		  year = {1994},
		  notes = {}
		  }
		  
@book{Chaffin91,
		  author = {Chaffin and Andersson},
		  title = {Occupational Biomechanics},
		  year = 1991,
		  notes = {}
		  }

@Article{Cole96,
  author = 	 {Cole, G.K. and Nigg, B.M. and van~den~Bogert, A.J. and
                 Gerritsen, K.G.M.},
  title = 	 {Lower extremity joint loading during impact in running},
  journal = 	 {Clinical Biomechanics},
  year = 	 {1996},
  OPTkey = 	 {},
  volume = 	 {11},
  OPTnumber = 	 {},
  pages = 	 {181--193},
  OPTmonth = 	 {},
  OPTnote = 	 {},
  OPTannote = 	 {}
}

@article{Coletti72,
		  author = {Coletti, J.M. and Akeson, W.H. and Woo, S.L-Y.},
		  title = {A comparison of the physical behavior of
		  normal articular cartilage and the arthroplasty 
		  surface.},
		  journal = {J. Bone Joint Surg.},
		  volume = {54A},
		  pages = {147--160},
		  year = {1972},
		  notes = {}
		  }		  

@article{Collier92,
		  author = {Collier, J.P. and Mayor, M.B. and Jensen,
		  R.E. and Suprenant, V.A. and Suprenant, H.P. and
		  McNamara, J.L. and Belec, L.},
		  title = {Mechanisms of Failure of Modular Prosthesis},
		  journal = {Clinical Orthopaedics and Related Research},
		  volume = {285},
		  pages = {129--139},
		  year = {1992},
		  notes = {}
		  }

@article{Collins95,
		  author = {Collins, J.J.},
		  title = {The redundant nature of locomotor
		  optimization laws},
		  journal = jb,
		  volume = {28},
		  pages = {251--267},
		  year = {1995},
		  notes = {}
		  }
	

@inproceedings{Cournoyer97,
		  author = {Cournoyer, J.R. and Ochoa, J.A. and 
                  Kurtz, S.M.},
		  editor = {},
		  title = {Relative motion at the backside of a metal-backed
                  acetabular component under quasistatic and dynamic
                  loading},
		  booktitle = {43rd Annual Meeting, Orthopaedic Research
                  Society, February 9--13},
		  pages = {839},
		  address = {San Francisco, CA},
		  publisher = {},
		  volume = {},
		  year = {1997},
		  notes = {}
		  }
	  
@book{Cowin89,
		  author = {Cowin, S.C.},
		  title = {Bone Mechanics},
		  publisher = {CRC Press},
		  address = {Bocca Raton},
		  year = 1989,
		  notes = {}
		  }

		  
@article{Cowin96,
                  author = {Cowin, S.C.},
		  title = {Strain or deformation rate dependent
		  finite growth in soft tissues},
		  journal = jb,
		  volume = {29},
		  pages = {647--649},
		  year = {1996},
		  notes = {}
		  }		  

@article{Davy87,
		  author = {Davy, D.T. and Audu, M.L.},
		  title = {A dynamic optimization technique for predicting
                  muscle forces in the swing phase of gait},
		  journal = jb,
		  volume = {20},
		  pages = {187--201},
		  year = {1987},
		  notes = {}
		  }

@article{Delp90,
		  author = {Delp, S.L. and Loan, J.P. and Hoy,
		  M.G. and Zajac, F.E. and Topp, E.L. and Rosen, J.M.},
		  title = {An interactive graphics based model of the
		  lower extremity to study orthopedic surfical procedures},
		  journal = {IEEE Trans Biomed Engng},
		  volume = {37},
		  pages = {757--767},
		  year = {1990},
		  notes = {}
		  } 
		 
@article{Eckstein93a,
		  author  = {Eckstein, F. and Steinlechner, M. and
		  M{\"u}ller-Gerbl,  M. and Putz, R.},   
		  title   = {Mechanische Beanspruchung und subchondrale
		  Minealisierung des menschlichen Ellbogengelenks --
		  eine CT-osteoabsorptiometrische Studie.},  
		  journal = {Unfallchir},   
		  volume  = 96,   
		  pages   = {399--404},  
		  year    = 1993
		  }
		  
@article{Eckstein93b,
		  author = {Eckstein, R. and L{\"o}he, F. and
		  Schulte, E. and M{\"u}ller-Gerbl, M. and 
		  Putz, R.},
		  title = {Physiological incongruity of the
		  humero-ulnar joint:  a functional principle
		  of optimized stress distribution acting upon
		  articulating surfaces?},
		  journal = {Anat Embryol (Berl)},
		  volume = 188,
		  pages = {448--455},
		  year = 1993,
		  notes = {quantifies the width of joint space
		  in elbow as a function of applied load, incongruity}
		  }

@article{Eckstein94,
		  author = {Eckstein, F. and Merz, B. and Schmid, P.
		  and Putz, R.},
		  title = {The influence of geometry on the stress
		  distribution in joints -- a finite element analysis.},
		  journal = {Anat Embryol},
		  volume = 189,
		  pages = {545--552},
		  year = 1994,
		  notes = {}
		  }

@article{Eisenberg87,
		  author = {Eisenberg, S.R. and Grodzinsky, A.J.},
		  title = {The kinetics of chemically induced
		  nonequilibrium swelling of articular cartilage
		  and corneal stroma.},
		  journal = jbe,
		  volume = {109},
		  pages = {79--89},
		  year = {1987},
		  notes = {}
		  }
		  
@inproceedings{Frank90,
		  author = {Frank, E.F. and Grodzinsky, A.J. and
		  Philips, S.L. and Grimshaw, P.E.},
		  editor = {Mow, V.C. and Ratcliffe, A. and Woo, S.L-W.},
		  title = {Physicochemical and bioelectrical
		  determinants of cartilage material properties},
		  booktitle = {Biomechanics of Diarthrodial Joints},
		  pages = {261--282},
		  address = {New York},
		  publisher = {Springer},
		  volume = {I},
		  year = {1990},
		  notes = {}
		  }

@book{Fung93,
		  author = {Fung, Y.C.},
		  title = {Biomechanics: {M}echanical properties of
		  living tissues},
		  address = {New York},
		  publisher = {Springer-Verlag},
		  year = 1993,
		  edition = {second},
		  notes = {}
		  }

		  
@Article{Gerritsen98,
  author = 	 {Gerritsen, K.G.M. and van~den~Bogert, A.J. and Hulliger, M.
                 and Zernicke, R.F.},
  title = 	 {Intrinsic muscle properties facilitate locomotor control ---
                 {A} computer simulation study},
  journal = 	 {Motor Control},
  year = 	 {1998},
  OPTkey = 	 {},
  volume = 	 {2},
  OPTnumber = 	 {},
  pages = 	 {206--220},
  OPTmonth = 	 {},
  OPTnote = 	 {},
  OPTannote = 	 {}
}




@Article{Gerritsen95,
  author = 	 {Gerritsend, K.G.M. and van~den~Bogert, A.J. and Nigg, B.M.},
  title = 	 {Direct dynamics simulation of the impact phase in heel-toe
                 running},
  journal = 	 jb,
  year = 	 {1995},
  OPTkey = 	 {},
  volume = 	 {28},
  OPTnumber = 	 {},
  pages = 	 {661--668},
  OPTmonth = 	 {},
  OPTnote = 	 {},
  OPTannote = 	 {}
}

@inproceedings{Greenwald91,
		  author = {Greenwald, A.S.},
		  editor = {Steinberg, M.E.},
		  title = {Biomechanics of the hip.},
		  booktitle = {The hip and its disorders},
		  pages = {47--55},
		  address = {Philadelphia},
		  publisher = {W.B. Saunders},
		  year = 1991,
		  notes = {}
		  }

@article{Guilak94,
		  author = {Guilak, F. and Ratcliffe, A. and Lane,
		  N. and Rosenwasser, M.P. and Mow, V.C.},
		  title = {Mechanical and biochemical changes in the
		  superficial zone of articular cartilage in canine
		  experimental osteoarthritis},
		  journal = jor,
		  volume = {12},
		  pages = {474--484},
		  year = {1994},
		  notes = {}
		  }
		  
@article{Hayes71,
		  author = {Hayes, W.C. and Mockros, L.F.},
		  title = {Viscoelastic properties of human articular
		  cartilage},
		  journal = {Journal of Applied Physiology},
		  volume = {31},
		  pages = {562--568},
		  year = {1971},
		  notes = {}
		  }

@article{Hayes72,
		  author = {Hayes, W.C. and Keer, L.M. and Herrmann,
		  G. and Mockros, L.F.},
		  title = {A mathematical analysis for indentation
		  tests of articular cartilage},
		  journal = jb,
		  volume = {5},
		  pages = {541--551},
		  year = {1972},
		  notes = {in vivo mathematical indentation, linear
		  elasticity, infinite elastic layer bonded to a rigid 
		  half-space}
		  }

@article{Hayes78,
		  author = {Hayes, W.C. and Bodine, A.J.},
		  title = {Flow-independent viscoelastic properties of 
		  articular cartilage matrix},
		  journal = jb,
		  volume = {11},
		  pages = {407--419},
		  year = {1978},
		  notes = {}
		  }
		  
@phdthesis{Heegaard93,
		  author = {Heegaard, J.H.},
		  year = 1993,
		  school = {Ecole Polytechnique F{\'e}d{\'e}rale de Lausanne},
		  address = {Lausanne, Switzerland},
		  title = {Large slip contact in biomechanics:
		  kinematics and stress analysis of the
		  patello-femoral joint.},
		  notes = {}
		  }
		  
@article{Heegaard95,
		  author  = {Heegaard, J.H. and Leyvraz, P.F. and
		  Curnier, A. and Rakotomanana, L. and Huiskes, R.},   
		  title   = {The biomechanics of the human patella
		  during passive knee flexion.},		  
		  journal = jb,
		  volume  = 28,
		  pages   = {1265--1279},
		  year    = 1995
		  }



@Article{Hilding95,
  author = 	 {Hilding, M.B. and Lanshammar, H. and Ryd, L.},
  title = 	 {A relationship between dynamic and static assessments
                 of knee joint load: {G}ait analysis and radiography before
                 and after knee replacement in 45 patients},
  journal = 	 {Acta Orthop Scand},
  year = 	 {1995},
  OPTkey = 	 {},
  volume = 	 {66},
  OPTnumber = 	 {},
  pages = 	 {317--329},
  OPTmonth = 	 {},
  OPTnote = 	 {},
  OPTannote = 	 {}
}

@article{Hou92,
		  author = {Hou, J.S. and Mow, V.C. and Lai, W.M. and
		  Holmes, M.H.},
		  title = {An analysis of the squeeze-film lubrication
		  mechanism for articular cartilage.},
		  journal = {J Biomechanics},
		  volume = 25,
		  pages = {247--259},
		  year = 1992,
		  notes = {}
		  }
		  

@article{Hovey99,
		  author  = {Hovey, C.B. and Heegaard, J.H.},
		  title   = {A robust, nonlinear elastic and viscoelastic
                  material model for soft tissues},
		  journal = cmbbe,
		  volume  = {In Review},
		  pages   = {},
		  year    = {1999}
		  }

@article{Huiskes87,
		  author = {Huiskes, R. and Weinans, H. and 
		  Grootenboer, H.J. and Dalstra, M. and Fudala, B. 
		  and Slooff, T.J.},
		  title = {Adaptive bone-remodeling thoery applied to
		  prosthetic-design analysis.},
		  journal = jb,
		  volume = 20,
		  pages = {1135--1150},
		  year = 1987,
		  notes = {}
		  }

@article{Huk94,
		  author = {Huk, O.L. and Bansal, M. and Betts, F. and 
		  Rimnac, C.M. and Lieberman, J.R. and Huo, M.H. and
		  Salvati, E.A.},
		  title = {Polyethylene and metal debris generated by
		  non-articulating surfaces of modular acetabular
		  components},
		  journal = {The Journal of Bone and Joint Surgery},
		  volume = {76B},
		  pages = {568--574},
		  year = {1994},
		  notes = {}
		  }

@inproceedings{Huxley86,
		  author = {Huxley, H.E.},
		  title = {The molecular mechanism of muscle contraction},
		  booktitle = {Some Mathematical Questions in Biology: 
                  {M}uscle physiology},
		  editor = {Miura, R.M.},
		  address = {Detroit},
		  pages = {1--17},
                  volume = {16, Lectures on Mathematics in the Life Sciences},
		  publisher = {American Mathematical Society},
		  year = 1986,
		  notes = {}
		  }


		  
@Article{Jacobs95,
  author = 	 {Jacobs, C.R. and Levenston, M.E. and Beaupr{\'e}, G.S. 
                 and Simo, J.C. and Carter, D.R.},
  title = 	 {Numerical instabilities in bone remodeling simulations:
                 {T}he advantages of a node-based finite element approach},
  journal = 	 jb,
  year = 	 {1995},
  OPTkey = 	 {},
  volume = 	 {28},
  OPTnumber = 	 {},
  pages = 	 {449--459},
  OPTmonth = 	 {},
  OPTnote = 	 {},
  OPTannote = 	 {}
}

@inproceedings{Keaveny93,
		  author = {Keaveny, T.M. and Hayey, W.C.},
		  title = {Mechanical properties of coritical and
		  trabecular bone},
		  booktitle = {Bone, Volume 7: Bone Growth},
		  editor = {Hall, B.K.},
		  address = {Boca Raton},
		  pages = {285--344},
		  publisher = {CRC Press},
		  year = 1993,
		  notes = {}
		  }

@article{Keaveny93b,
		  author = {Keaveny, T.M. and Bartel, D.L.},
		  title = {Effects of porous coating and collar support
                  on early load transfer for cementless hip prosthesis},
		  journal = jb,
		  volume = {26},
		  pages = {1205--1216},
		  year = {1993},
		  notes = {}
		  }

@article{Kempson71,
		  author = {Kempson, G.E. and Freeman, M.A.R. and
		  Swanson, S.A.V.},
		  title = {The determination of a creep modulus for
		  articular cartilage from indentation tests on the
		  human femoral head},
		  journal = jb,
		  volume = {4},
		  pages = {239--250},
		  year = {1971},
		  notes = {}
		  }
		  
@article{Kim95,
		  author = {Kim, Y.J. and Bonassar, L.J. and
		  Grodzinsky, A.J.},
		  title = {The role of cartilage streaming potential,
		  fluid flow and pressure in the stimulation of
		  chondrocyte biosynthesis during dynamic
		  compression.},
		  journal = {J Biomechanics},
		  volume = 28,
		  pages = {1055--1066},
		  year = 1995,
		  notes = {}
		  }


@article{Kuo98,
		  author = {Kuo, A.D.},
		  title = {A least-squares estimation approach to improving 
                  the precision of inverse dynamics computations},
		  journal = jbe,
		  volume = {120},
		  pages = {148--159},
		  year = {1998},
		  notes = {}
		  }


@article{Kurtz99,
		  author = {Kurtz, S.M. and Ochoa, J.A. and Hovey, C.B. 
                  and White, C.V.},
                  title = {Simulation of initial frontside and backside
                  wear rates in a modular acetabular component with 
                  multiple screw holes},
		  journal = jb,
		  volume = {In Press},
		  pages = {},
		  year = {1999},
		  notes = {}
		  }

@article{Kurtz98,
		  author = {Kurtz, S.M. and Ochoa, J.A. and White, C.V. and 
                  Srivastav, S. and Cournoyer, J.},
		  title = {Backside nonconformity and locking restraints 
                  affect liner/shell load transfer mechanisms and relative
                  motion in modular acetabular components for total hip
                  replacement},
		  journal = jb,
		  volume = {31},
		  pages = {431--437},
		  year = {1998},
		  notes = {}
		  }

@article{Kurtz94,
		  author = {Kurtz, S.M. and Bartel, D.L. and Edidin, A.A.},
		  title = {The effect of gaps on contact stress and relative
                  motion in a metal-backed acetabular component},
		  journal = {Transactions of the Orthopaedic Research
                  Society},
		  volume = {19},
		  pages = {243--},
		  year = {1994},
		  notes = {}
		  }
	
@article{Kurtz93,
		  author = {Kurtz, S.M. and Gabriel, S.M. and Bartel, D.L.},
		  title = {The effect of non-conformity between metal 
                  backing and polyethylene inserts in acetabular components
                  for total hip arthroplasty},
		  journal = {Transaction of the Orthopeadic Research Society},
		  volume = {18},
		  pages = {434--},
		  year = {1993},
		  notes = {}
		  }

@inproceedings{Kwan83,
		  author = {Kwan, K.W. and Lai, W.M. and Mow, V.C.},
		  title = {Response of an articular cartilage layer 
                  subjected to a spreading pressure distribution 
                  simulating walking},
		  booktitle = {ASME Biomechanics Symposium},
		  editor = {},
		  address = {New York},
		  pages = {9--12},
		  publisher = {American Society of Mechanical Engineers},
		  year = 1983,
		  notes = {}
		  }

@article{Kwan90,
		  author = {Kwan, M.K. and Lai, W.M. and Mow, V.C.},
		  title = {A finite deformation theory for cartilage
		  and other soft hydrated connective tissues --
		  {I}. {E}quilibrium results},
		  journal = jb,
		  volume = {23},
		  pages = {145--155},
		  year = {1990},
		  notes = {}
		  }

@article{Lai81,
		  author = {Lai, W.M. and Mow, V.C. and Roth V.},
		  title = {Effects of nonlinear strain-dependent
		  permeability and rate of compression on the stress
		  behavior of articular cartilage},
		  journal = jbe,
		  volume = {103},
		  pages = {61--66},
		  year = {1981},
		  notes = {}
		  }
		  
@article{Lai91,
		  author = {Lai, W.M. and How, J.S. and Mow, V.C.},
		  title = {A triphasic theory for the swelling and
		  deformation behaviors of articular cartilage},
		  journal = jbe,
		  volume = {113},
		  pages = {245--258},
		  year = {1991},
		  notes = {}
		  }

@article{Lai93,
		  author = {Lai, W.M. and Mow, V.C. and Zhu, W.},
		  title = {Constitutive modeling of articular
		  cartilage and biomacromolecular solutions},
		  journal = jbe,
		  volume = {115},
		  pages = {474--480},
		  year = {1993},
		  notes = {}
		  }

@article{Levenston98,
		  author = {Levenston, M.E. and Frank, E.H. and
		  Grodzinsky, A.J.},
		  title = {Variationally derived 3-field finite
		  element formulations for quasi-static poroelastic
		  analysis of hydrated biological tissues.},
		  journal = cmame,
		  volume = {156},
		  pages = {231--246},
		  year = {1998},
		  notes = {}
		  }		  
		  
@article{Levenston94,
		  author = {Levenston, M.E. and Beaupr{\'e} G.S. and
		  Jacobs, C.R. and Carter, D.R.},
		  title = {The role of loading memory in bone
		  adaptation simulations.},
		  journal = {Bone},
		  volume = 15,
		  pages = {177--186},
		  year = 1994,
		  notes = {}
		  }

@article{Lieberman96,
		  author = {Lieberman, J.R. and Kay, R.M. and Hamlet,
		  W.P. and Park, S-H. and Kabo, J.M.},
		  title = {Wear of the polyethylene liner-metallic
		  shell interface in modular acetabular components},
		  journal = {Journal of Arthroplasty},
		  volume = 11,
		  pages = {602--608},
		  year = 1996,
		  notes = {}
		  }
		  
@article{Mak86,
		  author = {Mak, A.F.},
		  title = {Unconfined confined compression of hydrated 
		  viscoelastic tissues: {A} biphasic poroviscoelastic
		  analysis},
		  journal = {Biorheology},
		  volume = {23},
		  pages = {371--383},
		  year = {1986},
		  notes = {}
		  }

@article{Mak86b,
		  author = {Mak, A.F.},
		  title = {Apparent viscoelastic behavior of articular 
		  cartilage -- {C}ontributions from intrinsic matrix
		  viscoelasticity and interstitial fluid flow},
		  journal = jbe,
		  volume = {108},
		  pages = {123--130},
		  year = {1986},
		  notes = {}
		  }
		  
@inproceedings{Mankin94,
		  author = {Mankin, H.J. and Mow, V.C. and Buckwalter, 
		  J.A. and Iannotti, J.P. and Ratcliffe, A.},		  
		  editor = {Simon, S.R.},
		  title = {Form and Function of Articular Cartilage},
		  booktitle = {Orthopaedic Basic Science},
		  pages = {45--87},
		  address = {Columbus},
		  publisher = {American Academy of Orthopaedic Surgeons},
		  year = 1994,
		  notes = {}
		  }


@article{Mann95,
		  author = {Mann, K.A. and Bartel, D.L. and Wright, T.M. 
                  and Burstein, A.H.},
		  title = {Coulomb frictional interfaces in modeling 
                  cemented total hip replacements: {A} more realistic model},
		  journal = jb,
		  volume = {9},
		  pages = {1067--1078},
		  year = {1995},
		  notes = {}
		  }
	

		  
@article{Marotti90,
		  author = {Marotti, O. and Cane, V. and Palazzinin,
		  S. and Palumbo, C.},
		  title = {Structure function relationship in the osteocyte},
		  journal = {Ital J Min Electr Met},
		  volume = 4,
		  pages = {93--106},
		  year = 1990,
		  notes = {}
		  }
		  

@article{Maxian96,
		  author = {Maxian, T.A. and Brown, T.D. and Peterson, 
		  D.R. and Callaghan, J.J.},
		  title = {A sliding-distance-coupled finite element
		  formulation for polyethylene wear in total hip
		  arthroplasty},
		  journal = jb,
		  volume = {29},
		  pages = {687--692},
		  year = {1996},
		  notes = {}
		  }

@article{Maxian96b,
		  author = {Maxian, T.A. and Brown, T.D. and Peterson, 
		  D.R. and Callaghan, J.J.},
		  title = {The {F}rank {S}tinchfield {A}ward.  
                  {T}hree-Dimensional sliding/contact computational 
                  simulation of total hip wear},
		  journal = {Clinical Orthopaedics and Related Research},
		  volume = {333},
		  pages = {41--50},
		  year = {1996},
		  notes = {}
		  }

@article{Maxian96c,
		  author = {Maxian, T.A. and Brown, T.D. and Peterson, 
		  D.R. and Callaghan, J.J.},
		  title = {Adaptive finite element modeling of long-term
                  polyethylene wear in total hip arthroplasty},
		  journal = jor,
		  volume = {14},
		  pages = {668--675},
		  year = {1996},
		  notes = {}
		  }
		  
@article{Maxian97,
		  author = {Maxian, T.A. and Brown, T.D. and Peterson, 
		  D.R. and McKellop, H.A. and Lu, B.L. and Callaghan, J.J.},
		  title = {Finite element analysis of acetabular wear},
		  journal = {Clinical Orthopaedics and Related Research},
		  volume = {344},
		  pages = {111-117},
		  year = {1997},
		  notes = {}
		  } 

@Article{McMaster70,
  author = 	 {McMaster, J.H. and Weinert, C.R.},
  title = 	 {Effects of mechanical forces on growing cartilage},
  journal = 	 {Clinical Orthopaedics and Related Research},
  year = 	 {1970},
  OPTkey = 	 {},
  volume = 	 {72},
  OPTnumber = 	 {},
  pages = 	 {308--314},
  OPTmonth = 	 {},
  OPTnote = 	 {},
  OPTannote = 	 {}
}

@inproceedings{Mochon81,
		  author = {Mochon, S.},
		  title = {A mathematical model of human walking},
	          booktitle = {Some Mathematical Questions in Biology},
		  editor = {Childress, S.},
		  address = {Toronto},
		  pages = {193--214},
                  volume = {14, Lectures on Mathematics in the Life Sciences},
		  publisher = {American Mathematical Society},
		  year = 1981,
		  notes = {}
		  }
		 
@article{Mow80,
		  author = {Mow, V.C. and Lai, M.},
		  title = {Recent developments in synovial joint biomechanics},
		  journal = {SIAM Review},
		  volume = {22},
		  pages = {275--317},
		  year = {1980},
		  notes = {}
		  }		  

@article{Mow80b,
		  author = {Mow, V.C. and Kuei, S.C. and Lai, W.M. and 
		  Armstrong, C.G.},
		  title = {Biphasic Creep and Stress Relaxation of
		  Articular Cartilage in Compression:  {T}heory and
		  Experiments},
		  journal = jbe,
		  volume = {102},
		  pages = {73--84},
		  year = {1980},
		  notes = {}
		  }
		  
@article{Mow84,
		  author = {Mow, V.C. and Holmes, M.H. and Lai, M.},
		  title = {Fluid transport and mechanical properties
		  of articular cartilage: {A} review},
		  journal = jb,
		  volume = {17},
		  pages = {377--394},
		  year = {1984},
		  notes = {}
		  }

@inproceedings{Mow91,
		  author = {Mow, V.C. and Soslowsky, L.J.},
                  editor = {Mow. V.C. and Hayes, W.C.},
		  title = {Friction, lubrication, and wear of
		  diarthroidial joints.},
		  booktitle = {Basic Orthopaedic Biomechanics}, 
		  pages = {}, 
		  address = {New York}, 
		  publisher = {Raven Press}, 
		  year = 1991,
		  notes = {}
		  }

@article{Mow93,
		  author = {Mow, V.C. and Ateshian, G.A. and Spilker, R.L.},
		  title = {Biomechanics of diarthrodial joints: {A} review
                  of twenty years of progress},
		  journal = jbe,
		  volume = {115},
		  pages = {460--467},
		  year = {1993},
		  notes = {}
		  }
		  
@article{Muller89,
		  author = {M{\"u}ller-Gerbl, M. and Putz, R. and
		  Hodapp, N. and Schulte, E. and Wimmer, B.},
		  title = {Computed tomography-osteoabsorptiometry for
		  assessing the density distribution of subchondral
		  bone as a measure of long-term mechanical adaptation
		  in individual joints.},
		  journal = {Skeletal Radiol},
		  volume = 18,
		  pages = {507--512},
		  year = 1989,
		  notes = {}
		  }

@article{Muller94,
		  author = {M{\"u}ller, F.J. and Setton, L.A. and
		  Manicourt, D.H. and Mow, V.C. and Howell, D.S. and
		  Pita, J.C.},
		  title = {Centrifugal and biochemical comparison of
		  proteoglycan aggregates from articular cartilage in
		  experimental joint disuse and joint instability},
		  journal = jor,
		  volume = {12},
		  pages = {498--508},
		  year = {1994},
		  notes = {}
		  }

@article{Nasser90,
		  author = {Nasser, S. and Campbell, P.A. and Kilgus,
		  D. and Kossovsky, N. and Amstutz, H.C.},
		  title = {Cementless total joint arthroplasty
		  prostheses with titanium-alloy articular surfaces},
		  journal = co,
		  volume = {261},
		  pages = {171--181},
		  year = {1990},
		  notes = {}
		  }
		  
@Article{Neptune98,
  author = 	 {Neptune, R.R. and Hull, M.L.},
  title = 	 {Evaluation of performance criteria for simulation of
                 submaximal steady-state cycling using a forward dynamic
                 model},
  journal = 	 jbe,
  year = 	 {1998},
  OPTkey = 	 {},
  volume = 	 {120},
  OPTnumber = 	 {},
  pages = 	 {334--341},
  OPTmonth = 	 {},
  OPTnote = 	 {},
  OPTannote = 	 {}
}

@article{NIH98,
		  author = {National {I}nstitute of {H}eath, {N}ational 
		  {I}nstitute of {A}rthritis and {M}usculoskeletal and 
		  {S}kin {D}iseases},
                  title = {Congressional {J}ustification -- {FY}98},
		  journal = {},
		  volume = {Annual Scientific Advances and Initiatives},
		  pages = {},
		  year = {1998},
		  notes = {}
		  }

@article{Oloyede93,
		  author = {Oloyede, A. and Broom, N.D.},
		  title = {A physical model for the time-dependent
                  deformation of articular cartilage},
		  journal = {Connective Tissue Research},
		  volume = {29},
		  pages = {251--261},
		  year = {1993},
		  notes = {}
		  }

@article{Oomens87a,
		  author = {Oomens, C.W.J. and Van~Campen, D.H. and 
                  Grootenboer, H.J.},
		  title = {A mixture approach to the mechanics of skin},
		  journal = jb,
		  volume = {20},
		  pages = {877--885},
		  year = {1987},
		  notes = {}
		  }

@article{Oomens87b,
		  author = {Oomens, C.W.J. and Van~Campen, D.H. and 
                  Grootenboer, H.J.},
		  title = {{\em {I}n vitro} compression of a soft tissue
                  layer on a rigid foundation},
		  journal = jb,
		  volume = {20},
		  pages = {923--935},
		  year = {1987},
		  notes = {}
		  }


@article{Pandy92,
		  author = {Pandy, M.G. and Anderson, F.C. and Hull,
		  D.G.},
		  title = {Parameter optimization approach for the
		  optimal control of large-scale musculoskeletal systems},
		  journal = jbe,
		  volume = {114},
		  pages = {450--460},
		  year = {1992},
		  notes = {}
		  }
		  
@article{Parsons77,
		  author = {Parsons, J.R. and Black, J.},
		  title = {The viscoelastic shear behavior of normal
		  rabbit articular cartilage.},
		  journal = jb,
		  volume = {10},
		  pages = {21--29},
		  year = {1977},
		  notes = {}
		  }
		  
@book{Pauwels80,
		  author = {Pauwels, F.},
		  title = {Biomechanics of the Locomotor Apparatus
		  Contributions on the Functional Anatomy of the 
		  Locomotor Apparatus},
		  address = {Berlin},
		  publisher = {Springer-Verlag},
		  year = 1980,
		  notes = {}
		  }

@article{Pedersen98,
		  author = {Pedersen, D.R. and Brown, T.D. and Hillis, S.L.
                  and Callaghan, J.J.},
		  title = {Prediction of long-term polyethylene wear in total
                  hip arthroplasty, based on early wear measurements made
                  using digital image analysis},
		  journal = jor,
		  volume = {16},
		  pages = {557--563},
		  year = {1998},
		  notes = {}
		  }
	

@inproceedings{Pioletti96,
		  author = {Pioletti, D. and Rakotomanana, L. and
		  Gilli{\'e}ron, C. and Leyvraz, P.F. and Benvenuti, J.F.},
		  editor = {Middleton, J. and Jones, M.L. and Pande, G.N.},
		  title = {Nonlinear viscoelasticity of the
		  {ACL}:~{E}xperiments and theory.},
		  booktitle = cmbbe,
		  pages = {271--280},
		  address = {The Netherlands},
		  publisher = {Gordon and Breach},
		  volume = {},
		  year = {1996},
		  notes = {}
		  }
		  
@article{Puso98,
		  author = {Puso, M.A. and Weiss, J.A.},
		  title = {Finite element implementation of
		  anisotropic quasi-linear viscoelasticity using a
		  discrete spectrum approximation},
		  journal = jbe,
		  volume = {120},
		  pages = {62--70},
		  year = {1998},
		  notes = {}
		  }

@article{Raasch97,
		  author = {Raasch, C.C. and Zajac, F.E. and Ma,
		  B. and Levine, W.S.},
		  title = {Muscle coordination of maximum speed pedaling},
		  journal = jb,
		  volume = {30},
		  pages = {595--602},
		  year = {1997},
		  notes = {}
		  }

@article{Rakotomanana92,
		  author = {Rakotomanana, R.L. and Leyvraz, P.F. and 
                  Curnier, A. and Heegaard, J.H. and Rubin, P.J.},
		  title = {A finite element model for evaluation of tibial
                  prosthesis-bone interface in total knee replacement},
		  journal = jb,
		  volume = {25},
		  pages = {1413--1424},
		  year = {1992},
		  notes = {}
		  }

		  
@article{Reilly72,
		  author = {Reilly, D.T. and Martens, M.},
		  title = {Experimental analysis of the quadriceps
		  muscle force and patello-femoral joint reaction
		  force for various activities.},
		  journal = {Acta Orthop Scand},
		  volume = 43,
		  pages = {126--137},
		  year = 1972,
		  notes = {}
		  }

@article{Reilly74,
		  author = {Reilly, D.T. and Burstein, A.H. and
		  Frankel, V.H.},
		  title = {The elastic modulus for bone},
		  journal = jb,
		  volume = {7},
		  pages = {271--275},
		  year = {1974},
		  notes = {}
		  }

@article{Risher97,
		  author = {Risher, D.W. and Schutte, L.M. and Runge, C.F.},
		  title = {The use of inverse dynamics solutions in direct
                  dynamics simulations},
		  journal = jbe,
		  volume = {119},
		  pages = {417--422},
		  year = {1997},
		  notes = {}
		  }	
		  
@article{Rodriguez94, 
		  author = {Rodriguez, E.K. and Hoger, A. and
		  McCullouch, A.D.},
		  title = {Stress-dependent finite growth in soft
		  elastic tissues},
		  journal = jb,
		  volume = 27, 
		  pages = {455-467},
		  year = 1994,
		  notes = {finite deformations}	 		  
		  }
		  
@article{Roesler87,
		  author = {Roesler, H.},
		  title = {The history of some fundamental concepts in
		  bone biomechanics},
		  journal = jb,
		  volume = 20,
		  pages = {1025--1024},
		  year = 1987,
		  notes = {}
		  }
		  
@Article{Ronsky95,
  author = 	 {Ronsky, J.L. and Herzog, W. and Brown, T.D. and Pedersen, 
                 D.R. and Grood, E.S. and Butler, D.L.},
  title = 	 {{\em In vivo} quantification of the cat patellofemoral 
                 joint contact stresses and areas},
  journal = 	 jb,
  year = 	 {1995},
  OPTkey = 	 {},
  volume = 	 {28},
  OPTnumber = 	 {},
  pages = 	 {977--983},
  OPTmonth = 	 {},
  OPTnote = 	 {},
  OPTannote = 	 {}
}

@book{Roux1885,
		  author = {Roux, W.},
		  title = {Gesammelte Abhandlungen {\"u}ber die
		  Entwicklungsmechanik der Organismen.},
		  address = {Leipzig},
		  publisher = {Engelmann},
		  year = 1885,
		  notes = {}
		  }

@article{Sah89,
		  author = {Sah, R.L.Y. and Kim, Y.J. and Doong,
		  J.Y.H. and Grodzinsky, A.J. and Plaas, A.H.K and
		  Sandy, J.D.},
		  title = {Biosynthetic response of cartilage explants
		  to dynamic compression},
		  journal = {J Orthop Res},
		  volume = 7,
		  pages = {619--636},
		  year = 1989,
		  notes = {}
		  }

@article{Sathasivam98,
                  author = {Sathasivam, S. and Walker, P.S.},
                  title = {Computer model to predict subsurface damage
                  in tibial inserts of total knees},
                  journal = jor, 
                  volume = 16,
                  pages = {564--571},
                  year = 1998,
		  notes = {}
		  }
		  
@article{Setton94,
		  author = {Setton, L.A. and Mow, V.C. and M{\"u}ller, 
		  F.J. and Pita, J.C. and Howell, D.S.},
		  title = {Mechanical properties of canine articular
		  cartilage are significantly alterned following
		  transection of the anterior cruciate ligament},
		  journal = jor,
		  volume = {12},
		  pages = {451--463},
		  year = {1994},
		  notes = {}
		  }
		  
@article{Simon93,
		  author = {Simon, B.R. and Kaufmann, M.V. and McAfee, 
		  M.A. and Baldwin, A.L.},
		  title = {Finite element models for arterial wall mechanics},
		  journal = jbe,
		  volume = {115},
		  pages = {489--296},
		  year = {1993},
		  notes = {}
		  }
		
@article{Simon92,
		  author = {Simon, B.R.},
		  title = {Multiphase poroelastic finite element
		  models for soft tissue structures},
		  journal = {Applied Mechanics Reviews},
		  volume = {45},
		  pages = {191--218},
		  year = {1992},
		  notes = {}
		  }
		  
@inproceedings{Simon88,
		  author = {Simon, B.R. and Gaballa, M.A.},
		  editor = {Spilker, R.L. and Simon, S.R.},
		  title = {Poroelastic finite element models for large 
		  arterial cross sections},
		  booktitle = {Computational Methods in Bioengineering},
		  pages = {325--334},
		  address = {},
		  publisher = {ASME BED-Vol~9},
		  year = 1988,
		  notes = {}
		  }

@article{Spagele99,
		  author = {Sp{\:a}gele, T. and Kistner, A. and Gollhofer, A.},
		  title = {Modelling, simulation and optimization of a 
                  human vertical jump},
		  journal = jb,
		  volume = {32},
		  pages = {521--530},
		  year = {1999},
		  notes = {}
		  }

@article{Spirt89,
		  author = {Spirt, A.A. and Mak, A.F. and Wassell, R.P.},
		  title = {Nonlinear viscoelastic properties of
		  ariticular cartilage in shear},
		  journal = jor,
		  volume = {7},
		  pages = {43--49},
		  year = {1989},
		  notes = {}
		  }
		  		  
@article{Spilker92,
		  author = {Spilker, R.L. and de~Almeida, E.S. and
		  Donzelli, P.S.},
		  title = {Finite element methods for the biomechanics 
		  of soft hydrated tissues: {N}onlinear analysis and
		  adaptive control of meshes},
		  journal = {Critical Review in Biomedical Engineering},
		  volume = {20},
		  pages = {279--313},
		  year = {1992},
		  notes = {}
		  }

@article{Spilker90,
		  author = {Spilker, R.L. and Suh, J-K. and Mow, V.C.},
		  title = {Effects of friction on the unconfined compressive
                  response of articular cartilage: {A} finite element 
                  analysis},
		  journal = jbe,
		  volume = {112},
		  pages = {138--146},
		  year = {1990},
		  notes = {}
		  }
		  
@book{Steele88,
		  author = {Steel, D.G. and Bramblett C.A.},
		  title = {The anatomy and biology of the 
                  human skeleton},
		  address = {College Station, TX},
		  publisher = {Texas A\&M University Press},
		  year = 1988,
		  notes = {}
		  }

@article{Suh91,
		  author = {Suh, J. and Spilker, R.L. and Holmes, M.H.},
		  title = {A penalty finite element analysis for
		  nonlinear mechanics of biphasic hydrated soft
		  tissues under large deformation},
		  journal = ijnme,
		  volume = {32},
		  pages = {1411--1439},
		  year = {1991},
		  notes = {}
		  }

@article{Suh95,
		  author = {Suh, J-K. and Li, Z. and Woo, S.L-Y.},
		  title = {Dynamic behavior of a biphasic cartilage
		  model under cyclic compressive loading},
		  journal = jb,
		  volume = {28},
		  pages = {357--364},
		  year = {1995},
		  notes = {}
		  }

@article{Sychterz96,
		  author = {Sychterz, C.J. and Moon, K.H. and
		  Hashimoto, Y. and Terefenko, K.M. and Engh,
		  C.A.Jr. and Bauer, T.W.},
		  title = {Wear of polyethylene cups in total hip
		  arthroplasty},
		  journal = {The Journal of Bone and Joint Surgery},
		  volume = {78A},
		  pages = {1193--1200},
		  year = {1996},
		  notes = {}
		  }

@article{Tetsworth94,
		  author = {Tetsworth, K. and Paley, D.},
		  title = {Malalignment and degenerative arthropathy},
		  journal = {Orthop Clin North America},
		  volume = {25},
		  pages = {367--377},
		  year = {1994},
		  notes = {}
		  }
		  
@article{Townsend76,
		  author = {Townsend, P.R. and Miegal, R.E. and Rose,
		  R.M. and Raux, P. and Radin, E.L.},
		  title = {Structure and function of the human
		  patella:  the role of cancellous bone.},
		  journal = {J Biomed Mater Res Symposium},
		  volume = 7,
		  pages = {605--611},
		  year = 1976,
		  notes = {}
		  }
		  
@book{Thompson42,
		  author = {Thompson, D.},
		  title = {On Growth and Form},
		  edition = {second},
		  address = {London},
		  publisher = {Cambridge University Press},
		  year = 1942,
		  notes = {}
		  }

@book{Tillmann78,
		  author = {Tillman, B.},
		  title  = {A Contribution to the Functional
		  morphology of articular surfaces.},
		  publisher = {Stuttgart},
		  address = {Thieme},
		  year = 1978,
		  notes = {photoelastic experiments of joint inconguity
		  finds stress concentrations on ventral and dorsal
		  regions of troclear notch}
		  }

@article{VA98,
		  author = {Department of Veterans Affairs},
		  title = {Data on {V}eterans -- {T}able 4:
		  {E}stimated number of veterans living in the
		  {U}.{S}. and {P}uerto {R}ico by age and period of
		  service as of {J}uly 1, 1994},
		  journal = {},
		  volume = {},
		  pages = {},
		  year = {1998},
		  notes = {}
		  }

@article{White89,
		  author = {White, S.C. and Yack, H.J. and Winter,
		  D.A.},
		  title = {A three-dimensional musculoskeletal model
		  for gait analysis: {A}natomical variability estimates},
		  journal = jb,
		  volume = {22},
		  pages = {885--893},
		  year = {1989},
		  notes = {}
		  }
		  
@article{Wickiewicz83,
		  author = {Wickiewicz, T.L. and Roy, R.R. and Powell, 
		  P.L. and Edgerton, V.R.},
		  title = {Muscle architecture of the human lower limb},
		  journal = co,
		  volume = {179},
		  pages = {275--283},
		  year = {1983},
		  notes = {}
		  }
		  
@article{Williams82,
		  author = {Williams, H. and Lewis, J.L.},
		  title = {Properties and anisotropic model of
		  cancellous bone from the proximal tibial epiphysis},
		  journal = jbe,
		  volume = {104},
		  pages = {50--56},
		  year = {1982},
		  notes = {}
		  }
		  
@Article{Williams97,
  author = 	 {Williams, V.G. and Whitesie, L.A. and White, S.E. and 
                  McCarthy, D.S.},
  title = 	 {Fixation of ultrahigh-molecular-weight polyethylene
                  liners to metal-backed acetabular cups},
  journal = 	 {The Journal of Arthroplasty},
  year = 	 {1997},
  OPTkey = 	 {},
  volume = 	 {12},
  OPTnumber = 	 {1},
  pages = 	 {25--31},
  OPTmonth = 	 {},
  OPTnote = 	 {},
  OPTannote = 	 {}
}

@book{Winter90,
		  author = {Winter, D.A.},
		  title = {Biomechanics of Human Movement},
                  edition = {second},
                  address = {New York},
                  publisher = {John Wiley \& Sons},
		  year = 1990,
		  notes = {}
		  }
  
@book{Wolff86,
		  author = {Wolff, J.},
		  title = {The Law of Bone Remodelling},
		  address = {translated by P. Maquet and R. Furlong, 
		  Berlin},
		  publisher = {Springer-Verlag},
		  year = 1986,
		  notes = {}
		  }

@article{Woo76,
		  author = {Woo, S. L-Y. and Akeson, W.H. and Jemmott, G.F.},
		  title = {Measurements of nonhomogeneous, directional
                  mechanical properties of articular cartilage in tension},
		  journal = jb,
		  volume = {9},
		  pages = {785-791},
		  year = {1976},
		  notes = {}
		  }


@article{Woo80,
		  author = {Woo, S. L-Y. and Simon, B.R. and Kuei,
		  S.C. and Akeson, W.H.},
		  title = {Quasi-linear viscoelastic properties of
		  normal articular cartilage},
		  journal = jbe,
		  volume = {102},
		  pages = {85--90},
		  year = {1980},
		  notes = {}
		  }

		  
@article{Woo81,
		  author = {Woo, S.L-Y. and Gomez, M.A. and Akeson, W.H.},
		  title = {The time and history-dependent viscoelastic 
		  properties of the canine medial collateral ligament},
		  journal = jbe,
		  volume = {103},
		  pages = {293--298},
		  year = {1981},
		  notes = {}
		  }
		  
@inproceedings{Woo94,
		  author = {Woo, S. L-Y. and An, K-N. and Arnoczky,
		  S.P. and Wayne, J.S. and Fithian, D.C. and Myers, B.S.},
		  editor = {Simon, S.R.},
		  title = {Anatomy, Biology, and Biomechanics of
		  Tendon, Ligament, and Meniscus},
		  booktitle = {Orthopaedic Basic Science},
		  pages = {45--87},
		  address = {Columbus},
		  publisher = {American Academy of Orthopaedic Surgeons},
		  year = 1994,
		  notes = {}
		  }		  

@article{Wren98,
		  author = {Wren, T.A.L. and Carter, D.R.},
		  title = {A microstructural model for the tensile
		  constitutive and failure behavior of soft skeletal
		  connective tissue},
		  journal = jbe,
		  volume = {120},
		  pages = {55--61},
		  year = {1998},
		  notes = {}
		  }



@Article{Wright98,
  author = 	 {Wright, I.C. and Neptune, R.R. and van~den~Bogert, A.J. and
                 Nigg, B.M.},
  title = 	 {Passive regulation of impact forces in heel-toe running},
  journal = 	 {Clinical Biomechanics},
  year = 	 {1998},
  OPTkey = 	 {},
  volume = 	 {13},
  OPTnumber = 	 {},
  pages = 	 {521--531},
  OPTmonth = 	 {},
  OPTnote = 	 {},
  OPTannote = 	 {}
}

@inproceedings{Yamaguchi90,
		  author = {Yamaguchi, G.T. and Sawa, A.G. and Moran,
		  D.W. and Fessler, M.J. and Winters, J.M.},
		  editor = {Winters, J.C. and Woo, S.L-W.},
		  title = {A survey of human musculotendon actuator
		  parameters},
		  booktitle = {Multiple muscle systems},
		  pages = {717--773},
		  address = {New York},
		  publisher = {Springer},
		  volume = {},
		  year = {1990},
		  notes = {}
		  }
		  
@article{Zajac89,
		  author = {Zajac, F.E.},
		  title = {Muscles and tendon: {P}roperties, models,
		  scaling, and applications to biomechanics and motor
		  control},
		  journal = {CRC Critical Review in Biomedical
		  Engineering},
		  volume = {17},
		  pages = {359--411},
		  year = {1989},
		  notes = {}
		  }

@inproceedings{Zajac90,
		  author = {Zajac, F.E. and Winters, J.M.},
		  editor = {Winters, J.C. and Woo, S.L.},
		  title = {Modeling musculoskeletal movements systems: 
		  {J}oint and body segmental dynamics, musculoskeletal 
		  actuation, and neuromuscular control},
		  booktitle = {Multiple Muscle Systems},
		  pages = {359--411},
		  address = {New York},
		  publisher = {Springer-Verlag},
		  year = 1990,
		  notes = {}
		  }		  
@article{Zajak90,
		  author = {Zajak, F.E. and Winters, J.M.},
		  title = {Modeling musculoskeletal movements systems: 
		  {J}oint and body segmental dynamics, musculoskeletal 
		  actuation, and neuromuscular control},
		  journal = {},
		  volume = {},
		  pages = {},
		  year = {},
		  notes = {}
		  }
		  
@article{Zhu93,
		  author = {Zhu, W. and Mow, V.C. and Koob, T.J. and
		  Eyre, D.R.},
		  title = {Viscoelastic shear properties of articular
		  cartilage and the effects of glycosidase treatments},
		  journal = jor,
		  volume = {11},
		  pages = {771--781},
		  year = {1993},
		  notes = {}
		  }
		  
@article{Zysset96,
		  author = {Zysset, P.K. and Curnier, A.},
		  title = {A 3D damage model for trabecular bone based 
		  on fabric tensors},
		  journal = jb,
		  volume = {29},
		  pages = {1549--1558},
		  year = {1996},
		  notes = {an alternative model for anistropic
		  elasticity fabric tensors}
		  }	  
		  
		  
		  
		  
