@book{Curnier94,
		  author = {Curnier, A.},
		  title = {Computational Methods in Solid Mechanics},
		  publisher = {Kluwer Academic Publishers},
		  address = {Dordrecht},
		  year = {1994},
		  notes = {}
		  }
		  
@book{Hughes96,
		  author = {Hughes, T.J.R.},
		  title = {Nonlinear Finite Element Methods},
		  publisher = {Custom Course Material ME 235C},
		  address = {Stanford University},
		  year = {1996},
		  notes = {}
		  }
		  
@book{Hughes87, 
		  author = {Hughes, T.J.R.},
		  title = {The Finite Element Method -- Linear Static
		  and Dynamic Finite Element Analysis},
		  publisher = {Prentice-Hall},
		  address = {New Jersey},
		  year = 1987,
		  notes = {}
		  }
		  
@article{Prathap85,
		  author = {Prathap, G.},
		  title = {The poor bending response of the four-node
		  plane stress quadrilateral},
		  journal = {International Journal for Numerical
		  Methods in Engineering},
		  volume = 21,
		  pages = {825-835},
		  year = 1985,
		  notes = {}
		  }

@book{Rabevala90, 
		  author = {Rabevala, R.},
		  title = {{\'E}tude d'une Loi de Comportement 
		  Visco-{\'E}lastique},
		  publisher = {Th{\`e}se de Docteur-Ing{\'e}nieur},
		  address = {Ecole Polytechnique 
		  F{\'e}d{\'e}rale de Lausanne, Lausanne, Switzerland},
		  year = 1990,
		  notes = {}
		  }
		  

		  
@book{Simo98,
		  author = {Simo, J.C. and Hughes, T.J.R.},
		  title = {Computational Inelasticity},
		  publisher = {Springer-Verlag},
		  address = {New York},
		  year = {1998},
		  notes = {}
		  }
