
@book{bartels1995introduction,
  title={An introduction to splines for use in computer graphics and geometric modeling},
  author={Bartels, Richard H and Beatty, John C and Barsky, Brian A},
  year={1995},
  publisher={Morgan Kaufmann}
}

@book{cottrell2009isogeometric,
  title={Isogeometric analysis: toward integration of CAD and FEA},
  author={Cottrell, J Austin and Hughes, Thomas JR and Bazilevs, Yuri},
  year={2009},
  publisher={John Wiley \& Sons}
}

@manual{heinrich2016image,
  title={Image Segmentation Using DIGITS 5},
  author={Heinrich, Greg},
  note="\url{https://devblogs.nvidia.com/image-segmentation-using-digits-5} accessed April 22, 2020",
  year={2016}
}

@manual{ircad2019france,
  title={3D-IRCADb 01 database, 3D CT-scans of 10 women and 10 men},
  author={IRCAD-France},
  note="\url{https://www.ircad.fr/research/3d-ircadb-01/} accessed August 29, 2019",
  year={2012}
}

@book{piegl2012nurbs,
  title={The NURBS book},
  author={Piegl, Les and Tiller, Wayne},
  year={2012},
  publisher={Springer Science \& Business Media}
}

@book{rogers2000introduction,
  title={An introduction to NURBS: with historical perspective},
  author={Rogers, David F},
  year={2000},
  publisher={Elsevier}
}

@inproceedings{ronneberger2015u,
  title={U-net: Convolutional networks for biomedical image segmentation},
  author={Ronneberger, Olaf and Fischer, Philipp and Brox, Thomas},
  booktitle={International Conference on Medical image computing and computer-assisted intervention},
  pages={234--241},
  note="\url{https://arxiv.org/abs/1505.04597}",
  year={2015},
  organization={Springer}
}

@manual{shiach2015bezier,
  title={B\'ezier curves, mathematics of computer graphics and virtual environments},
  author={Shiach, Jon},
  note="\url{https://youtu.be/2HvH9cmHbG4} accessed March 9, 2020",
  year={2015}
}

@manual{shiach2015bspline,
  title={B-splines, mathematics of computer graphics and virtual environments},
  author={Shiach, Jon},
  note="\url{https://youtu.be/qhQrRCJ-mVg} accessed March 10, 2020",
  year={2015}
}