@book{Friedberg89,
		  author = {Friedberg, S.H. and Insel, A.J. and
		  Spence, L.E.},
		  title = {Linear Algebra},
		  edition = {Second},
		  publisher = {Prentice Hall},
		  address = {New Jersey},
		  year = 1989,
		  notes = {}
		  }