
@article{ackerman1998visible,
  title     = {The visible human project},
  author    = {Ackerman, Michael J},
  journal   = {Proceedings of the IEEE},
  volume    = {86},
  number    = {3},
  pages     = {504--511},
  note      = {\url{https://www.nlm.nih.gov/research/visible/visible_human.html}},
  year      = {1998},
  publisher = {IEEE}
}

@article{brannon1998caveats,
  title     = {Caveats concerning conjugate stress and strain measures for frame indifferent anisotropic elasticity},
  author    = {Brannon, RM},
  journal   = {Acta Mechanica},
  volume    = {129},
  number    = {1-2},
  pages     = {107--116},
  year      = {1998},
  publisher = {Springer}
}

@article{brundage2013implementation,
  title     = {Implementation of Tillotson equation of state for hypervelocity impact of metals, geologic materials, and liquids},
  author    = {Brundage, Aaron L},
  journal   = {Procedia Engineering},
  volume    = {58},
  pages     = {461--470},
  note      = {\url{https://doi.org/10.1016/j.proeng.2013.05.053}},
  year      = {2013},
  publisher = {Elsevier}
}

@inproceedings{brundage2014prediction,
  title        = {Prediction of shock-induced cavitation in water},
  author       = {Brundage, Aaron},
  booktitle    = {Journal of Physics: Conference Series},
  volume       = {500},
  pages        = {102002},
  note         = {\url{https://doi:10.1088/1742-6596/500/10/102002}},
  year         = {2014},
  organization = {IOP Publishing}
}


@inproceedings{chafi2009computation,
  title        = {Computation of Blast-Induced Traumatic Brain Injury},
  author       = {Chafi, MS and Karami, G and Ziejewski, M},
  booktitle    = {Summer Bioengineering Conference},
  volume       = {48913},
  pages        = {949--950},
  year         = {2009},
  organization = {American Society of Mechanical Engineers}
}

@article{feng2010relative,
  title     = {Relative brain displacement and deformation during constrained mild frontal head impact},
  author    = {Feng, Yuan and Abney, Teresa M and Okamoto, Ruth J and Pless, Robert B and Genin, Guy M and Bayly, Philip V},
  journal   = {Journal of the Royal Society Interface},
  volume    = {7},
  number    = {53},
  pages     = {1677--1688},
  year      = {2010},
  publisher = {The Royal Society}
}

@article{giudice2019analytical,
  title     = {An analytical review of the numerical methods used for finite element modeling of traumatic brain injury},
  author    = {Giudice, J Sebastian and Zeng, Wei and Wu, Taotao and Alshareef, Ahmed and Shedd, Daniel F and Panzer, Matthew B},
  journal   = {Annals of Biomedical Engineering},
  volume    = {47},
  number    = {9},
  pages     = {1855--1872},
  year      = {2019},
  publisher = {Springer}
}

@article{goeller2012investigation,
  title     = {Investigation of cavitation as a possible damage mechanism in blast-induced traumatic brain injury},
  author    = {Goeller, Jacques and Wardlaw, Andrew and Treichler, Derrick and O'Bruba, Joseph and Weiss, Greg},
  journal   = {Journal of Neurotrauma},
  volume    = {29},
  number    = {10},
  pages     = {1970--1981},
  year      = {2012},
  publisher = {Mary Ann Liebert, Inc. 140 Huguenot Street, 3rd Floor New Rochelle, NY 10801 USA}
}

@article{gross1958new,
  title     = {A new theory on the dynamics of brain concussion and brain injury},
  author    = {Gross, Arthur G},
  journal   = {Journal of Neurosurgery},
  volume    = {15},
  number    = {5},
  pages     = {548--561},
  year      = {1958},
  publisher = {Journal of Neurosurgery Publishing Group}
}

@article{gupta2013mathematical,
  title     = {Mathematical models of blast-induced TBI: current status, challenges, and prospects},
  author    = {Gupta, Raj K and Przekwas, Andrzej},
  journal   = {Frontiers in Neurology},
  volume    = {4},
  pages     = {59},
  note      = {\url{https://www.frontiersin.org/articles/10.3389/fneur.2013.00059/full}},
  year      = {2013},
  publisher = {Frontiers}
}

@article{haniff2017silico,
  title     = {In silico investigation of blast-induced intracranial fluid cavitation as it potentially leads to traumatic brain injury},
  author    = {Haniff, Shivonne and Taylor, Paul A},
  journal   = {Shock Waves},
  volume    = {27},
  number    = {6},
  pages     = {929--945},
  note      = {\url{https://www.osti.gov/pages/servlets/purl/1421630}},
  year      = {2017},
  publisher = {Springer}
}

@incollection{hertel1995cth,
  title     = {CTH: A software family for multi-dimensional shock physics analysis},
  author    = {Hertel, ES and Bell, RL and Elrick, MG and Farnsworth, AV and Kerley, GI and McGlaun, JM and Petney, SV and Silling, SA and Taylor, PA and Yarrington, LCTH},
  booktitle = {Shock Waves \@ Marseille I},
  pages     = {377--382},
  note      = {\url{https://www.osti.gov/servlets/purl/10180820}},
  year      = {1995},
  publisher = {Springer}
}

@article{hickling1964collapse,
  title     = {Collapse and rebound of a spherical bubble in water},
  author    = {Hickling, Robert and Plesset, Milton S},
  journal   = {The Physics of Fluids},
  volume    = {7},
  number    = {1},
  pages     = {7--14},
  year      = {1964},
  publisher = {American Institute of Physics}
}

@misc{hovey2020github,
  author       = {Hovey, CB},
  title        = {{Sandia Injury Biomechanics Laboratory (SIBL)}},
  year         = {2020},
  publisher    = {GitHub},
  journal      = {GitHub repository},
  howpublished = {\url{https://github.com/sandialabs/sibl}}
}


@article{jog2009energy,
  title     = {An energy-momentum conserving algorithm for nonlinear transient analysis within the framework of hybrid elements},
  author    = {Jog, CS and Motamarri, Phani},
  journal   = {Journal of Mechanics of Materials and Structures},
  volume    = {4},
  number    = {1},
  pages     = {157--186},
  year      = {2009},
  publisher = {Mathematical Sciences Publishers}
}

@article{kang2017characterization,
  title     = {Characterization and detection of acceleration-induced cavitation in soft materials using a drop-tower-based integrated system},
  author    = {Kang, Wonmo and Chen, YungChia and Bagchi, Amit and Oâ€™Shaughnessy, Thomas J},
  journal   = {Review of Scientific Instruments},
  volume    = {88},
  number    = {12},
  pages     = {125113},
  note      = {\url{https://aip.scitation.org/doi/abs/10.1063/1.5000512}},
  year      = {2017},
  publisher = {AIP Publishing LLC}
}

@incollection{llnl2012visit,
  author    = {Hank Childs and Eric Brugger and Brad Whitlock and Jeremy Meredith and Sean Ahern and David Pugmire and Kathleen Biagas and Mark Miller and Cyrus Harrison and Gunther H. Weber and Hari Krishnan and Thomas Fogal and Allen Sanderson and Christoph Garth and E. Wes Bethel and David Camp and Oliver R\"{u}bel and Marc Durant and Jean M. Favre and Paul Navr\'{a}til},
  title     = {{VisIt: An End-User Tool For Visualizing and Analyzing Very Large Data}},
  year      = {2012},
  pages     = {357-372},
  month     = {Oct},
  booktitle = {{High Performance Visualization--Enabling Extreme-Scale Scientific Insight}},
  publisher = {University of California},
  note      = {"\url{https://escholarship.org/content/qt69r5m58v/qt69r5m58v.pdf}" and \url{https://wci.llnl.gov/simulation/computer-codes/visit/}"}
}


@article{lubock1980experimental,
  title     = {Experimental cavitation studies in a model head-neck system},
  author    = {Lubock, Paul and Goldsmith, Werner},
  journal   = {Journal of Biomechanics},
  volume    = {13},
  number    = {12},
  pages     = {1041--1052},
  year      = {1980},
  publisher = {Elsevier}
}

@techreport{merewether2020sierra,
  title       = {Sierra/SolidMechanics 4.56 User's Guide.},
  author      = {Merewether, Mark Thomas and Plews, Julia A and de Frias, Gabriel Jose and Mosby, Matthew David and Porter, Vicki L and Shelton, Timothy and Thomas, Jesse David and Tupek, Michael R and Veilleux, Michael and Manktelow, Kevin and others},
  note        = {\url{https://www.osti.gov/servlets/purl/1608404}},
  year        = {2020},
  institution = {Sandia National Lab.(SNL-NM), Albuquerque, NM (United States)}
}

@misc{merkle2011personal,
  title  = {Personal communication},
  author = {Merkle, A},
  year   = {2011}
}

@techreport{moss2011impact,
  title       = {Impact response of US Army and National Football League helmet pad systems},
  author      = {Moss, William C and King, Michael J},
  note        = {\url{https://apps.dtic.mil/dtic/tr/fulltext/u2/a536266.pdf}},
  year        = {2011},
  institution = {Lawrence Livermore National Lab CA}
}


@techreport{nahum1977intracranial,
  title       = {Intracranial pressure dynamics during head impact},
  author      = {Nahum, Alan M and Smith, Randall and Ward, Carley C},
  year        = {1977},
  institution = {SAE Technical Paper}
}

@article{neff2016geometry,
  title     = {Geometry of logarithmic strain measures in solid mechanics},
  author    = {Neff, Patrizio and Eidel, Bernhard and Martin, Robert J},
  journal   = {Archive for Rational Mechanics and Analysis},
  volume    = {222},
  number    = {2},
  pages     = {507--572},
  note      = {\url{https://doi.org/10.1007/s00205-016-1007-x}},
  year      = {2016},
  publisher = {Springer}
}

@incollection{owen2011parallel,
  title     = {Parallel hex meshing from volume fractions},
  author    = {Owen, Steven J and Staten, Matthew L and Sorensen, Marguerite C},
  booktitle = {Proceedings of the 20th International Meshing Roundtable},
  pages     = {161--178},
  year      = {2011},
  publisher = {Springer}
}

@article{owen2014parallel,
  author  = {Owen, Steven and Staten, Matthew and Sorensen, Marguerite},
  note    = {\url{https://doi.org/10.1007/s00366-012-0292-8}},
  year    = {2014},
  month   = {07},
  pages   = {},
  title   = {Parallel Hex Meshing from Volume Fractions},
  volume  = {30},
  journal = {Engineering with Computers}
}

@techreport{owen2019sculpt,
  title       = {Sculpt version 15.4: Automatic parallel hexahedral mesh generation},
  author      = {Owen, Steven J and Ernst, Corey D and Stimpson, Cinton J},
  note        = {\url{https://cubit.sandia.gov/public/documents/SculptSANDReport-5.pdf}},
  year        = {2019},
  institution = {Sandia National Lab.(SNL-NM), Albuquerque, NM (United States)}
}

@misc{pierson20201206private,
  author       = {Pierson, KH},
  howpublished = {{Private Communication}},
  year         = {2018},
  address      = {Albuquerque, New Mexico},
  institution  = {Sandia National Laboratories},
  note         = {Electronic mail correspondence 06 December 6 2018, 22:38 MDT},
  month        = 12
}

@article{rivlin1956solution,
  title     = {Solution of some problems in the exact theory of visco-elasticity},
  author    = {Rivlin, RS},
  journal   = {Journal of Rational Mechanics and Analysis},
  volume    = {5},
  number    = {1},
  pages     = {179--188},
  year      = {1956},
  publisher = {JSTOR}
}

@article{salzar2017experimental,
  title     = {Experimental investigation of cavitation as a possible damage mechanism in blast-induced traumatic brain injury in post-mortem human subject heads},
  author    = {Salzar, Robert S and Treichler, Derrick and Wardlaw, Andrew and Weiss, Greg and Goeller, Jacques},
  journal   = {Journal of Neurotrauma},
  volume    = {34},
  number    = {8},
  pages     = {1589--1602},
  year      = {2017},
  publisher = {Mary Ann Liebert, Inc. 140 Huguenot Street, 3rd Floor New Rochelle, NY 10801 USA}
}

@book{simo2006computational,
  title     = {Computational Inelasticity},
  author    = {Simo, Juan C and Hughes, Thomas JR},
  volume    = {7},
  year      = {2006},
  publisher = {Springer Science \& Business Media}
}

@mastersthesis{summey2020development,
  author  = {Luke A. Summey},
  title   = {Development of a simple shear impact device for evaluating cellular traumatic brain injury},
  school  = {University of Wisconsin--Madison},
  year    = 2020,
  address = {Madison, Wisconsin},
  month   = 5
}

@misc{summey20200527private,
  author       = {Luke A. Summey},
  howpublished = {{Private Communication}},
  year         = {2020},
  address      = {Madison, Wisconsin},
  institution  = {University of Wisconsin--Madison},
  note         = {PANTHER meeting 27 May 2020},
  month        = 5
}

@misc{summey20200618private,
  author       = {Luke A. Summey},
  howpublished = {{Private Communication}},
  year         = {2020},
  address      = {Madison, Wisconsin},
  institution  = {University of Wisconsin--Madison},
  note         = {Electronic mail correspondence 18 June 2020},
  month        = 6
}

@misc{summey20200619private,
  author       = {Luke A. Summey},
  howpublished = {{Private Communication}},
  year         = {2020},
  address      = {Madison, Wisconsin},
  institution  = {University of Wisconsin--Madison},
  note         = {Electronic mail correspondence 19 June 2020},
  month        = 6
}

@article{swanson1985constitutive,
  title   = {A constitutive model for high elongation elastic materials},
  author  = {Swanson, SR},
  journal = {Journal of Engineering and Technology},
  volume  = {102},
  number  = {2},
  pages   = {110--115},
  year    = {1985}
}

@article{swanson1985large,
  title     = {Large deformation finite element calculations for slightly compressible hyperelastic materials},
  author    = {Swanson, SR and Christensen, LW and Ensign, M},
  journal   = {Computers \& Structures},
  volume    = {21},
  number    = {1-2},
  pages     = {81--88},
  year      = {1985},
  publisher = {Elsevier}
}

@article{taylor2009simulation,
  title     = {Simulation of blast-induced early-time intracranial wave physics leading to traumatic brain injury},
  author    = {Taylor, Paul A and Ford, Corey C},
  journal   = {Journal of Biomechanical Engineering},
  volume    = {131},
  number    = {6},
  note      = {\url{https://www.sandia.gov/biomechanics/_assets/documents/Taylor_2009_001.pdf}},
  year      = {2009},
  publisher = {American Society of Mechanical Engineers Digital Collection}
}

@article{taylor2014investigation,
  title     = {Investigation of blast-induced traumatic brain injury},
  author    = {Taylor, Paul A and Ludwigsen, John S and Ford, Corey C},
  journal   = {Brain Injury},
  volume    = {28},
  number    = {7},
  pages     = {879--895},
  note      = {\url{https://doi.org/10.3109/02699052.2014.888478}},
  year      = {2014},
  publisher = {Taylor \& Francis}
}

@article{taylor2014simulation,
  title   = {Simulation and clinical assessment of blast-induced traumatic brain injury},
  author  = {Taylor, Paul A and Ludwigsen, John S and Vakhtin, Andrei A and Ford, Corey C},
  journal = {IBIA Neurotrauma Lett., accepted},
  year    = {2014}
}

@techreport{taylor2018verification,
  title       = {Verification and Validation of Simulation Framework for Analysis of Traumatic Brain Injury.},
  author      = {Taylor, Paul A and Ludwigsen, John S and Ford, Corey C and Vakhtin, Andrei A},
  note        = {\url{https://www.osti.gov/servlets/purl/1529058}},
  year        = {2018},
  institution = {Sandia National Lab.(SNL-NM), Albuquerque, NM (United States)}
}

@techreport{terpsma2020blunt,
  title       = {Blunt Impact Brain Injury using Cellular Injury Criterion},
  author      = {Terpsma, Ryan J and Hovey, Chad B.},
  note        = {\url{https://www.sandia.gov/biomechanics/_assets/documents/Terpsma_2020_SAND2020_11444.pdf}},
  year        = {2020},
  institution = {Sandia National Lab.(SNL-NM), Albuquerque, NM (United States)}
}

@techreport{tillotson1962metallic,
  title       = {Metallic equations of state for hypervelocity impact},
  author      = {Tillotson, James H},
  note        = {\url{https://apps.dtic.mil/dtic/tr/fulltext/u2/486711.pdf}},
  year        = {1962},
  institution = {General Dynamics San Diego CA General Atomic Division}
}

@article{vakhtin2013changes,
  title     = {Changes in intrinsic functional brain networks following blast-induced mild traumatic brain injury},
  author    = {Vakhtin, Andrei A and Calhoun, Vince D and Jung, Rex E and Prestopnik, Jillian L and Taylor, Paul A and Ford, Corey C},
  journal   = {Brain Injury},
  volume    = {27},
  number    = {11},
  pages     = {1304--1310},
  note      = {\url{https://www.ncbi.nlm.nih.gov/pmc/articles/PMC5075489/}},
  year      = {2013},
  publisher = {Taylor \& Francis}
}

@inproceedings{van2007python,
  title     = {Python programming language.},
  author    = {Van Rossum, Guido and others},
  booktitle = {USENIX Annual Technical Conference},
  volume    = {41},
  pages     = {36},
  note      = {\url{https://www.python.org/}},
  year      = {2007}
}

@techreport{veilleux2019sierra,
  title       = {Sierra/SolidMechanics 4.54 User's Guide: Addendum for Shock Capabilities.},
  author      = {Veilleux, Michael and Beckwith, Frank and Belcourt, Kenneth Noel and de Frias, Gabriel Jose and Manktelow, Kevin and Merewether, Mark Thomas and Miller, Scott T and Mosby, Matthew David and Plews, Julia A and Porter, Vicki L and others},
  note        = {\url{https://www.osti.gov/servlets/purl/1569142}},
  year        = {2019},
  institution = {Sandia National Lab.(SNL-NM), Albuquerque, NM (United States)}
}

@incollection{visit2012,
  author    = {Hank Childs and Eric Brugger and Brad Whitlock and Jeremy Meredith and Sean Ahern and David Pugmire and Kathleen Biagas and Mark Miller and Cyrus Harrison and Gunther H. Weber and Hari Krishnan and Thomas Fogal and Allen Sanderson and Christoph Garth and E. Wes Bethel and David Camp and Oliver R\"{u}bel and Marc Durant and Jean M. Favre and Paul Navr\'{a}til},
  title     = {{VisIt: An End-User Tool For Visualizing and Analyzing Very Large Data}},
  year      = {2012},
  pages     = {357-372},
  month     = {Oct},
  booktitle = {{High Performance Visualization--Enabling Extreme-Scale Scientific Insight}},
  note      = {\url{https://wci.llnl.gov/simulation/computer-codes/visit}}
}

@inproceedings{ward1980intracranial,
  title        = {Intracranial pressure---A brain injury criteria},
  author       = {Ward, Carley and Chan, Marian and Nahum, Alan},
  booktitle    = {Proceedings 24th Stapp Car Crash Conference},
  volume       = {SAE 801304},
  pages        = {3867--3880},
  year         = {1980},
  organization = {JSTOR}
}


@article{xiao1997hypo,
  title     = {Hypo-elasticity model based upon the logarithmic stress rate},
  author    = {Xiao, H and Bruhns, OT and Meyers, A},
  journal   = {Journal of Elasticity},
  volume    = {47},
  number    = {1},
  pages     = {51--68},
  year      = {1997},
  publisher = {Springer}
}


@article{yang2016effective,
  title     = {Effective modulus of the human intervertebral disc and its effect on vertebral bone stress},
  author    = {Yang, Haisheng and Jekir, Michael G and Davis, Maxwell W and Keaveny, Tony M},
  journal   = {Journal of Biomechanics},
  volume    = {49},
  number    = {7},
  pages     = {1134--1140},
  note      = {\url{https://doi.org/10.1016/j.jbiomech.2016.02.045}},
  year      = {2016},
  publisher = {Elsevier}
}

@article{zhang2001comparison,
  title     = {Comparison of brain responses between frontal and lateral impacts by finite element modeling},
  author    = {Zhang, Liying and Yang, King H and King, Albert I},
  journal   = {Journal of Neurotrauma},
  volume    = {18},
  number    = {1},
  pages     = {21--30},
  note      = {\url{https://doi.org/10.1089/089771501750055749}},
  year      = {2001},
  publisher = {Mary Ann Liebert, Inc.}
}
