@article{,   author =  {¥},   title =   {¥},   journal = {¥},   volume =  ¥,   pages =   ¥,   year =    ¥,   note =    {¥},}@book{,   author =    {¥},   title =     {¥},   publisher = {¥},   year =      ¥,}@conference{,   author =    {¥},   title =     {¥},   booktitle = {¥},   year =      ¥,}@inBook{,   author =    {¥},   title =     {¥},   chapter =   ¥,   publisher = {¥},   year =      ¥,}@inProceedings{,   author =    {¥},   title =     {¥},   booktitle = {¥},   year =      ¥,}@mastersThesis{,   author = {¥},   title =  {¥},   school = {¥},   year =   ¥,}@misc{,}@phdThesis{,   author = {¥},   title =  {¥},   school = {¥},   year =   ¥,}@proceedings{,   title = {¥},   year =  ¥,}@techReport{,   author =      {¥},   title =       {¥},   institution = {¥},   year =        ¥,}@unpublished{,   author = {¥},   title =  {¥},   note =   {¥},}